<record><leader>00000cas a22000007a 4500</leader><controlfield tag="001">26815026</controlfield><controlfield tag="008">921019d18721872ctudn ne      0    0eng d</controlfield><datafield ind1=" " ind2=" " tag="010"><subfield code="a">sn 92051462 </subfield></datafield><datafield ind1=" " ind2=" " tag="040"><subfield code="a">CNW</subfield><subfield code="b">eng</subfield><subfield code="c">CNW</subfield><subfield code="d">DLC</subfield><subfield code="d">CNW</subfield><subfield code="d">OCLCG</subfield><subfield code="d">OCLCQ</subfield><subfield code="d">OCLCA</subfield><subfield code="d">OCLCF</subfield><subfield code="d">OCLCO</subfield></datafield><datafield ind1="1" ind2=" " tag="029"><subfield code="a">AU@</subfield><subfield code="b">000020724854</subfield></datafield><datafield ind1=" " ind2=" " tag="042"><subfield code="a">msc</subfield></datafield><datafield ind1=" " ind2=" " tag="043"><subfield code="a">n-us-ct</subfield></datafield><datafield ind1="0" ind2=" " tag="130"><subfield code="a">Evening recorder (Meriden, Conn.)</subfield></datafield><datafield ind1="1" ind2="4" tag="245"><subfield code="a">The evening recorder.</subfield></datafield><datafield ind1="3" ind2="0" tag="246"><subfield code="a">Meriden recorder</subfield></datafield><datafield ind1="1" ind2="3" tag="246"><subfield code="a">Daily recorder</subfield><subfield code="f">&lt;May 16-Sept. 14, 1872&gt;</subfield></datafield><datafield ind1="1" ind2="7" tag="246"><subfield code="a">Evening journal-recorder</subfield><subfield code="f">&lt;May 16-Sept. 14, 1872&gt;</subfield></datafield><datafield ind1=" " ind2=" " tag="260"><subfield code="a">West Meriden [Meriden], Conn. :</subfield><subfield code="b">L.G. Riggs &amp; L.C. Riggs &amp; Co.</subfield></datafield><datafield ind1=" " ind2=" " tag="300"><subfield code="a">v.</subfield></datafield><datafield ind1=" " ind2=" " tag="310"><subfield code="a">Daily (except Sun.)</subfield></datafield><datafield ind1="1" ind2=" " tag="362"><subfield code="a">Began and ceased in 1872.</subfield></datafield><datafield ind1=" " ind2=" " tag="500"><subfield code="a">"The policy of honesty, the might of right, the expediency of principle."</subfield></datafield><datafield ind1=" " ind2=" " tag="530"><subfield code="a">Also issued on microfilm from Connecticut State Library, Hartford, CT.</subfield></datafield><datafield ind1=" " ind2=" " tag="580"><subfield code="a">Weekly ed.: Rigg's Meriden literary recorder.</subfield></datafield><datafield ind1=" " ind2=" " tag="588"><subfield code="a">Description based on: 10th year (May 16, 1872).</subfield></datafield><datafield ind1=" " ind2="0" tag="651"><subfield code="a">Meriden (Conn.)</subfield><subfield code="v">Newspapers.</subfield></datafield><datafield ind1=" " ind2="7" tag="655"><subfield code="a">Newspapers.</subfield><subfield code="2">fast</subfield><subfield code="0">(OCoLC)fst01423814</subfield></datafield><datafield ind1=" " ind2="7" tag="651"><subfield code="a">Connecticut</subfield><subfield code="z">Meriden.</subfield><subfield code="2">fast</subfield><subfield code="0">(OCoLC)fst01213400</subfield></datafield><datafield ind1="1" ind2=" " tag="700"><subfield code="a">Riggs, Luther G.</subfield><subfield code="q">(Luther Granger),</subfield><subfield code="d">1837-</subfield></datafield><datafield ind1=" " ind2=" " tag="752"><subfield code="a">United States</subfield><subfield code="b">Connecticut</subfield><subfield code="c">New Haven</subfield><subfield code="d">Meriden.</subfield></datafield><datafield ind1="1" ind2=" " tag="775"><subfield code="t">Rigg's Meriden literary recorder</subfield><subfield code="w">(DLC)sn 84022516</subfield><subfield code="w">(OCoLC)10449378</subfield></datafield><datafield ind1="0" ind2="0" tag="780"><subfield code="t">Journal-recorder (Meriden, Conn.)</subfield><subfield code="w">(DLC)sn 92051462</subfield><subfield code="w">(OCoLC)26815006</subfield></datafield><datafield ind1="0" ind2="0" tag="785"><subfield code="t">Meriden daily recorder</subfield><subfield code="w">(DLC)sn 84022517</subfield><subfield code="w">(OCoLC)10449543</subfield></datafield></record>